<?xml version="1.0" encoding="UTF-8"?><record xmlns="http://www.loc.gov/MARC21/slim" xmlns:cinclude="http://apache.org/cocoon/include/1.0" xmlns:zs="http://www.loc.gov/zing/srw/">
  <leader>00642cz  a2200193n  4500</leader>
  <controlfield tag="001">n  85319980 </controlfield>
  <controlfield tag="003">DLC</controlfield>
  <controlfield tag="005">20100516081230.0</controlfield>
  <controlfield tag="008">860908n| acannaabn          |n ana      </controlfield>
  <datafield tag="010" ind1=" " ind2=" ">
    <subfield code="a">n  85319980 </subfield>
  </datafield>
  <datafield tag="034" ind1=" " ind2=" ">
    <subfield code="d">W0924231</subfield>
    <subfield code="e">W0924231</subfield>
    <subfield code="f">N0401355</subfield>
    <subfield code="g">N0401355</subfield>
    <subfield code="2">geonames</subfield>
  </datafield>
  <datafield tag="035" ind1=" " ind2=" ">
    <subfield code="a">(OCoLC)oca01694644</subfield>
  </datafield>
  <datafield tag="040" ind1=" " ind2=" ">
    <subfield code="a">DLC</subfield>
    <subfield code="b">eng</subfield>
    <subfield code="c">DLC</subfield>
    <subfield code="d">OCoLC</subfield>
  </datafield>
  <datafield tag="043" ind1=" " ind2=" ">
    <subfield code="a">n-us-mo</subfield>
  </datafield>
  <datafield tag="151" ind1=" " ind2=" ">
    <subfield code="a">Novinger (Mo.)</subfield>
  </datafield>
  <datafield tag="670" ind1=" " ind2=" ">
    <subfield code="a">Montgomery, M. History of Novinger, Missouri ... 1986.</subfield>
  </datafield>
  <datafield tag="670" ind1=" " ind2=" ">
    <subfield code="a">Rand McNally, 1985</subfield>
    <subfield code="b">(Novinger, Adair [County], Missouri)</subfield>
  </datafield>
  <datafield tag="670" ind1=" " ind2=" ">
    <subfield code="a">GeoNames, algorithmically matched, 2009</subfield>
    <subfield code="b">(ppl; 40°13ʹ55ʺN 092°42ʹ31ʺW)</subfield>
  </datafield>
  <datafield tag="781" ind1=" " ind2="0">
    <subfield code="z">Missouri</subfield>
    <subfield code="z">Novinger</subfield>
  </datafield>
</record>